@inproceedings{GiMi02,
  author    = "H.~Gilbert and M.~Minier", 
  title     = "{Cryptanalysis of SFLASH.}", 
  booktitle = "Eurocrypt' 02", 
  series    = "{Lecture Notes in Computer Science}",
  volume    = "2332",
  publisher = "{Springer-Verlag}", 
  year      = "2002", 
  pages     = "288-298"
} 

@inproceedings{FGS05,
  author    = "P.A.~Fouque and L.~Granlan and J.~Stern", 
  title     = "{Differential Cryptanalysis for Multivariate Schemes.}", 
  booktitle = "Eurocrypt' 05", 
  series    = "{Lecture Notes in Computer Science}",
  volume    = "3494",
  publisher = "{Springer-Verlag}", 
  year      = "2005", 
  pages     = "341-353"
} 

@inproceedings{BCBP03,
  author    = "A.~Biryukov and C.~De Canni\`ere and A.~Braeken and B.~Preneel", 
  title     = "{A Toolbox for Cryptanalysis: Linear and Affine Equivalence Algorithms.}", 
  booktitle = "Eurocrypt' 03", 
  series    = "{Lecture Notes in Computer Science}",
  volume    = "2656",
  publisher = "{Springer-Verlag}", 
  year      = "2003", 
  pages     = "33-50"
} 


@inproceedings{Shamir89,
  author    = {Adi Shamir},
  title     = {An Efficient Identification Scheme Based on Permuted Kernels},
  booktitle = {Advances in Cryptology - CRYPTO 1989},
  series    = {Lecture Notes in Computer Science},
  volume    = {435},
  pages     = {606-609},  
  publisher = {Springer},
  year      = {1989}
}


@inproceedings{Stern94,
  author    = {Jacques Stern},
  title     = {Designing Identification Schemes with Keys of Short Size},
  booktitle = {Advances in Cryptology - CRYPTO 1994},
  series    = {Lecture Notes in Computer Science},
  volume    = {839},
  pages     = {164-173},  
  publisher = {Springer},
  year      = {1994}
}



@inproceedings{Pointcheval95,
  author    = {David Pointcheval},
  title     = {A New Identification Scheme Based on the Perceptron Problem},
  booktitle = {Advances in Cryptology - EUROCRYPT 1995},
  series    = {Lecture Notes in Computer Science},
  volume    = {921},
  pages     = {319-328},   
  publisher = {Springer},
  year      = {1995}
}




@inproceedings{perret05,
  author    = {Ludovic Perret},
  title     = {A Fast Cryptanalysis of the Isomorphism of Polynomials with
               One Secret Problem},
  booktitle = {Advances in Cryptology - EUROCRYPT 2005},
  series    = {Lecture Notes in Computer Science},
  volume    = {3494},
  publisher = {Springer},
  year      = {2005},
  pages     = {354-370}
}

@inproceedings{FaPe06,
  author    = "J.-C.~Faug\`ere and L.~Perret", 
  title     = "{Polynomial Equivalence Problems: Algorithmic and Theoretical 
               Aspects.}", 
  booktitle = "Eurocrypt' 06", 
  series    = "{Lecture Notes in Computer Science}",
  volume    = "4004",
  publisher = "{Springer-Verlag}", 
  year      = "2006", 
  pages     = "30-47"
} 
 
@inproceedings{PGC98, 
  author    = "J.~Patarin and L.~Goubin and N.~Courtois", 
  title     = "{Improved Algorithms for Isomorphisms of Polynomials.}", 
  booktitle = "{Eurocrypt '98}",
  series    = "{Lecture Notes in Computer Science}",
  volume    = "1403", 
  publisher = "{Springer-Verlag}", 
  year      = "1998", 
  pages     = "184-200" 
} 
 
@inproceedings{HFE, 
  author    = "J.~Patarin", 
  title     = "{Hidden Fields Equations (HFE) and Isomorphisms of Polynomials 
               (IP): Two New Families of Asymmetric Algorithms.}", 
  booktitle = "Eurocrypt '96",
  publisher = "{Springer-Verlag}", 
  series    = "{Lecture Notes in Computer Science}",
  volume    = "1070", 
  year      = "1996", 
  pages     = "33-48" 
} 
 
@inproceedings{BG03, 
  author    = "O.~Billet and H.~Gilbert", 
  title     = "{A Traceable Block Cipher.}", 
  booktitle = "Asiacrypt '03", 
  publisher = "{Springer-Verlag}", 
  series    = "{Lecture Notes in Computer Science}", 
  volume    = "2894", 
  year      = "2003", 
  pages     = "331-346" 
} 
 
@inproceedings{DFSS07, 
    author 	 = "V.~Dubois and P.-A.~Fouque and A.~Shamir and J.~Stern", 
    title 	 = "{Practical Cryptanalysis of SFLASH}", 
    booktitle    = "Crypto '07",
    series       = "{Lecture Notes in Computer Science}",
    volume       = "4622",
    publisher    = "{Springer-Verlag}", 
    year 	 = "2007", 
    page         = "1-12"
} 
 
@inproceedings{DFS07, 
  author    = "V.~Dubois and P.-A.~Fouque and J.~Stern", 
  title     = "{Cryptanalysis of SFLASH with Slightly Modified Parameters.}", 
  booktitle = "Eurocrypt '07", 
  series    = "{Lecture Notes in Computer Science}",
  volume    = "4515",
  publisher = "{Springer-Verlag}", 
  year      = "2007",
  pages     = "264-275" 
} 

@inproceedings{HM, 
  author    = "J.~Patarin", 
  title     = "{Asymmetric Cryptography with a Hidden Monomial.}", 
  booktitle = "Crypto '96", 
  series    = "{Lecture Notes in Computer Science}",
  volume    = "1109",
  publisher = "{Springer-Verlag}", 
  year      = "1996", 
  pages     = "45-60" 
} 


@inproceedings{FMPS08, 
  author    = "P.A.~Fouque and G.~Macario-Rat and L.~Perret and J.~Stern", 
  title     = "{Total Break of the $\ell$-IC Signature Scheme.}", 
  booktitle = "{PKC '08}", 
  series    = "{Lecture Notes in Computer Science}",
  volume    = "4939",
  publisher = "{Springer-Verlag}", 
  year      = "2008", 
  pages     = "1-17" 
} 
@misc{WPTAX, 
    author = "C.~Wolf and B.~Preneel", 
    title = "{Taxonomy of Public Key Schemes based on the problem of Multivariate Quadratic equations}", 
    howpublished = "{Cryptology ePrint Archive, Report 2005/077}", 
    year = "2005", 
    note = {\url{http://eprint.iacr.org/}}
} 
 
@inproceedings{PGC01, 
  author    = "J.~Patarin and N.~Courtois and L.~Goubin", 
  title     = "{FLASH, a Fast Multivariate Signature Algorithm}", 
  booktitle = "{CT-RSA 2001}", 
  series    = "{Lecture Notes in Computer Science}",
  volume    = "2020",
  year      = "2001", 
  pages     = "298--307", 
  publisher = "{Springer-Verlag}"
 } 
@misc{SFLASH, 
  author    = "J.~Patarin and N.~Courtois and L.~Goubin", 
  title     = "{SFLASH, a Fast Multivariate Signature Algorithm}", 
  year      = "2003", 
    note = {\url{http://eprint.iacr.org/}}
 } 
 
@Inproceedings{Sh93,
  author    = "A.~Shamir",
  title     = "{Efficient Signature Schemes Based on Birational Permutations}",
  booktitle = "Crypto '93",
  publisher = "{Springer-Verlag}",
  series    = "{Lecture Notes in Computer Science}",
  volume    = "773",
  pages     = "1--12",
  year      = "1993"
}
@inproceedings{FouqueMS08,
  author    = {Pierre-Alain Fouque and
               Gilles Macario-Rat and
               Jacques Stern},
  title     = {Key Recovery on Hidden Monomial Multivariate Schemes},
  booktitle = {EUROCRYPT},
  year      = {2008},
  pages     = {19-30},
  ee        = {http://dx.doi.org/10.1007/978-3-540-78967-3_2},
  crossref  = {DBLP:conf/eurocrypt/2008},
  bibsource = {DBLP, http://dblp.uni-trier.de}
}
@proceedings{DBLP:conf/eurocrypt/2008,
  editor    = {Nigel P. Smart},
  title     = {Advances in Cryptology - EUROCRYPT 2008, 27th Annual International
               Conference on the Theory and Applications of Cryptographic
               Techniques, Istanbul, Turkey, April 13-17, 2008. Proceedings},
  booktitle = {EUROCRYPT},
  publisher = {Springer},
  series    = {Lecture Notes in Computer Science},
  volume    = {4965},
  year      = {2008},
  isbn      = {978-3-540-78966-6},
  bibsource = {DBLP, http://dblp.uni-trier.de}
}

@inproceedings{DBLP:conf/ima/GeiselmannSB01,
  author    = {Willi Geiselmann and
               Rainer Steinwandt and
               Thomas Beth},
  title     = {Attacking the Affine Parts of SFLASH},
  booktitle = {IMA Int. Conf.},
  year      = {2001},
  pages     = {355-359},
  ee        = {http://link.springer.de/link/service/series/0558/bibs/2260/22600355.htm},
  crossref  = {DBLP:conf/ima/2001},
  bibsource = {DBLP, http://dblp.uni-trier.de}
}

@proceedings{DBLP:conf/ima/2001,
  editor    = {Bahram Honary},
  title     = {Cryptography and Coding, 8th IMA International Conference,
               Cirencester, UK, December 17-19, 2001, Proceedings},
  booktitle = {IMA Int. Conf.},
  publisher = {Springer},
  series    = {Lecture Notes in Computer Science},
  volume    = {2260},
  year      = {2001},
  isbn      = {3-540-43026-1},
  bibsource = {DBLP, http://dblp.uni-trier.de}

}

@inproceedings{DBLP:conf/issac/KaltofenS97,
  author    = {Erich Kaltofen and
               Victor Shoup},
  title     = {Fast Polynomial Factorization Over High Algebraic Extensions
               of Finite Fields},
  booktitle = {ISSAC},
  year      = {1997},
  pages     = {184-188},
  bibsource = {DBLP, http://dblp.uni-trier.de}
}

@book{Gantmacher1960,
	author = {Gantmacher, F.R.},
	title= {Theory of Matrices},
	year = {1960},
	address = {New York},
	publisher = {Chelsea},
}

@inproceedings{DBLP:conf/pkc/BouillaguetFFP11,
  author    = {Charles Bouillaguet and
               Jean-Charles Faug{\`e}re and
               Pierre-Alain Fouque and
               Ludovic Perret},
  title     = {Practical Cryptanalysis of the Identification Scheme Based
               on the Isomorphism of Polynomial with One Secret Problem},
  booktitle = {Public Key Cryptography},
  year      = {2011},
  pages     = {473-493},
  ee        = {http://dx.doi.org/10.1007/978-3-642-19379-8_29},
  crossref  = {DBLP:conf/pkc/2011},
  bibsource = {DBLP, http://dblp.uni-trier.de}
}

@proceedings{DBLP:conf/pkc/2011,
  editor    = {Dario Catalano and
               Nelly Fazio and
               Rosario Gennaro and
               Antonio Nicolosi},
  title     = {Public Key Cryptography - PKC 2011 - 14th International
               Conference on Practice and Theory in Public Key Cryptography,
               Taormina, Italy, March 6-9, 2011. Proceedings},
  booktitle = {Public Key Cryptography},
  publisher = {Springer},
  series    = {Lecture Notes in Computer Science},
  volume    = {6571},
  year      = {2011},
  isbn      = {978-3-642-19378-1},
  ee        = {http://dx.doi.org/10.1007/978-3-642-19379-8},
  bibsource = {DBLP, http://dblp.uni-trier.de}
}

@book{dieudonne1971geometrie,
  title={La g{\'e}om{\'e}trie des groupes classiques},
  author={Dieudonn{\'e}, J.A.},
  isbn={9783540029670},
  lccn={78152726},
  series={Ergebnisse der Mathematik und ihrer Grenzgebiete},
  url={http://books.google.fr/books?id=AfYZAQAAIAAJ},
  year={1971},
  publisher={Springer-Verlag}
}

@book{Goldreich2001,
  author    = {Oded Goldreich},
  title     = {The Foundations of Cryptography - Volume 1, Basic Techniques},
  publisher = {Cambridge University Press},
  year      = {2001},
  isbn      = {0-521-79172-3},
  bibsource = {DBLP, http://dblp.uni-trier.de}
}

@book{gareyjohnson1979, 
 author = {M.R Garey and D.S. Johnson},
 title = {Computers and Intractability: A Guide to the Theory
 of NP-Completeness}, 
 publisher = {W. H.  Freeman \& Co}, 
 year = {1979}, 
 note = {Ch. 7.2: Algebraic Equations over GF(2)} 
}

@inproceedings{DBLP:conf/eurocrypt/MatsumotoI88,
  author    = {Tsutomu Matsumoto and
               Hideki Imai},
  title     = {Public Quadratic Polynominal-Tuples for Efficient Signature-Verification
               and Message-Encryption},
  booktitle = {EUROCRYPT},
  year      = {1988},
  pages     = {419-453},
  ee        = {http://dx.doi.org/10.1007/3-540-45961-8_39},
  crossref  = {DBLP:conf/eurocrypt/88},
  bibsource = {DBLP, http://dblp.uni-trier.de}
}

@proceedings{DBLP:conf/eurocrypt/88,
  editor    = {Christoph G. G{\"u}nther},
  title     = {Advances in Cryptology - EUROCRYPT '88, Workshop on the
               Theory and Application of of Cryptographic Techniques, Davos,
               Switzerland, May 25-27, 1988, Proceedings},
  booktitle = {EUROCRYPT},
  publisher = {Springer},
  series    = {Lecture Notes in Computer Science},
  volume    = {330},
  year      = {1988},
  isbn      = {3-540-50251-3},
  bibsource = {DBLP, http://dblp.uni-trier.de}
}

@inproceedings{DBLP:conf/asiacrypt/PatarinGC98,
  author    = {Jacques Patarin and
               Louis Goubin and
               Nicolas Courtois},
  title     = {{{\it C}$^{\mbox{*}}_{\mbox{-+}}$ and HM: Variations Around
               Two Schemes of T. Matsumoto and H. Imai}},
  booktitle = {ASIACRYPT},
  year      = {1998},
  pages     = {35-49},
  ee        = {http://dx.doi.org/10.1007/3-540-49649-1_4},
  crossref  = {DBLP:conf/asiacrypt/1998},
  bibsource = {DBLP, http://dblp.uni-trier.de}
}

@proceedings{DBLP:conf/asiacrypt/1998,
  editor    = {Kazuo Ohta and
               Dingyi Pei},
  title     = {Advances in Cryptology - ASIACRYPT '98, International Conference
               on the Theory and Applications of Cryptology and Information
               Security, Beijing, China, October 18-22, 1998, Proceedings},
  booktitle = {ASIACRYPT},
  publisher = {Springer},
  series    = {Lecture Notes in Computer Science},
  volume    = {1514},
  year      = {1998},
  isbn      = {3-540-65109-8},
  bibsource = {DBLP, http://dblp.uni-trier.de}
}





@article{sugita2007algebraic,
  title={Algebraic cryptanalysis of 58-round sha-1},
  author={Sugita, M. and Kawazoe, M. and Perret, L. and Imai, H.},
  journal={Fast Software Encryption},
  pages={349--365},
  year={2007},
  publisher={Springer Berlin/Heidelberg}
}

@article{perret2005fast,
  title={A fast cryptanalysis of the isomorphism of polynomials with one secret problem},
  author={Perret, L.},
  journal={Advances in Cryptology--EUROCRYPT 2005},
  pages={354--370},
  year={2005},
  publisher={Springer Berlin/Heidelberg}
}

@article{levy2003polynomial,
  title={Polynomial equivalence problems and applications to multivariate cryptosystems},
  author={Levy-dit-Vehel, F. and Perret, L.},
  journal={Progress in Cryptology-INDOCRYPT 2003},
  pages={1--18},
  year={2003},
  publisher={Springer Berlin/Heidelberg}
}

@article{fouque2008total,
  title={Total Break of the {$\ell$}-IC Signature Scheme},
  author={Fouque, P.A. and Macario-Rat, G. and Perret, L. and Stern, J.},
  journal={Public Key Cryptography--PKC 2008},
  pages={1--17},
  year={2008},
  publisher={Springer}
}

@article{levy2003polly,
  title={A Polly Cracker system based on satisfiability},
  author={Levy-Dit-Vehel, F. and Perret, L.},
  journal={Coding, Crypt. and Comb., Prog. in Comp. Sci. and App. Logic},
  volume={23},
  pages={177--192},
  year={2003}
}

@article{perret2005chosen,
  title={A chosen ciphertext attack on a public key cryptosystem based on Lyndon words},
  author={Perret, L.},
  journal={Proc. International Workshop on Coding and Cryptography},
  pages={235--244},
  year={2005}
}

@article{levy2006wagner,
  title={On the wagner--magyarik cryptosystem},
  author={Levy-dit-Vehel, F. and Perret, L.},
  journal={Coding and Cryptography},
  pages={316--329},
  year={2006},
  publisher={Springer Berlin/Heidelberg}
}

@article{levy2005attacks,
  title={Attacks on public key cryptosystems based on free partially commutative monoids and groups},
  author={Levy-dit-Vehel, F. and Perret, L.},
  journal={Progress in Cryptology-INDOCRYPT 2004},
  pages={275--289},
  year={2005},
  publisher={Springer}
}

@article{mora2009groebner,
  title={Gr{\"o}bner Bases, Coding, and Cryptography},
  author={Mora, F. and Perret, L. and Sakata, S. and Sala, M. and Traverso, C.},
  year={2009},
  publisher={Springer-Verlag Berlin Heidelberg}
}

@article{levy2010security,
  title={Security analysis of word problem-based cryptosystems},
  author={Levy-dit-Vehel, F. and Perret, L.},
  journal={Designs, Codes and Cryptography},
  volume={54},
  number={1},
  pages={29--41},
  year={2010},
  publisher={Springer}
}

@phdthesis{bouillaguet2011thesis,
  title={{\'E}tudes d'hypoth{\`e}ses algorithmiques et attaques
de primitives cryptographiques},
  author={Bouillaguet, C.},
  year={2011},
  school={Universit{\'e} Paris-Diderot -- {\'E}cole Normale Sup{\'e}rieure}
}

@phdthesis{perret2005etude,
  title={{\'E}tude d'outils alg{\'e}briques et combinatoires pour la cryptographie {\`a} clef publique},
  author={Perret, L.},
  year={2005},
  school={Universit{\'e} de Marne-la-Vall{\'e}e}
}

@article{armknechtconstructing,
  title={On Constructing Homomorphic Encryption Schemes from Coding Theory},
  author={Armknecht, F. and Augot, D. and Perret, L. and Sadeghi, A.R.}
}

@article{fazio2011random,
  title={Random Self-Reducibility Properties of Learning Problems over Burnside Groups of Exponent 3},
  author={Fazio, N. and Iga, K. and Nicolosi, A. and Perret, L. and Skeith III, W.E.},
  year={2011}
}

@article{faziohardness,
  title={Hardness of Learning Problems over Burnside Groups of Exponent 3},
  author={Fazio, N. and Iga, K. and Nicolosi, A. and Perret, L. and Skeith III, W.E.}
}

@article{ditsurvey,
  title={A Survey on Polly Cracker System},
  author={dit Vehel, F.L. and Marinari, M.G. and Perret, L. and Traverso, C.},
  journal={Gr{\"o}bner bases, coding and cryptography},
  pages={263--283}
}

@article{faugere2006polynomial,
  title={Polynomial equivalence problems: Algorithmic and theoretical aspects},
  author={Faugere, J.C. and Perret, L.},
  journal={Advances in Cryptology-EUROCRYPT 2006},
  pages={30--47},
  year={2006},
  publisher={Springer Berlin/Heidelberg}
}

@article{faugere2010algebraic,
  title={Algebraic cryptanalysis of McEliece variants with compact keys},
  author={Faugere, J.C. and Otmani, A. and Perret, L. and Tillich, J.P.},
  journal={Advances in Cryptology--EUROCRYPT 2010},
  pages={279--298},
  year={2010},
  publisher={Springer Berlin/Heidelberg}
}

@article{faugere2008cryptanalysis,
  title={Cryptanalysis of minrank},
  author={Faug{\`e}re, J.C. and Levy-Dit-Vehel, F. and Perret, L.},
  journal={Advances in Cryptology--CRYPTO 2008},
  pages={280--296},
  year={2008},
  publisher={Springer Berlin/Heidelberg}
}

@article{bettale2009hybrid,
  title={Hybrid approach for solving multivariate systems over finite fields},
  author={Bettale, L. and Faug{\`e}re, J.C. and Perret, L.},
  journal={Journal of Mathematical Cryptology},
  volume={3},
  number={3},
  pages={177--197},
  year={2009}
}

@article{faugere2006cryptanalysis,
  title={Cryptanalysis of 2R- schemes},
  author={Faug{\`e}re, J.C. and Perret, L.},
  journal={Advances in Cryptology-CRYPTO 2006},
  pages={357--372},
  year={2006},
  publisher={Springer Berlin/Heidelberg}
}

@inproceedings{faugere2011distinguisher,
  title={A distinguisher for high rate McEliece cryptosystems},
  author={Faug{\`e}re, J.C. and Gauthier-Umana, V. and Otmani, A. and Perret, L. and Tillich, J.P.},
  booktitle={Information Theory Workshop (ITW), 2011 IEEE},
  pages={282--286},
  year={2011},
  organization={IEEE}
}

@article{faugere2008security,
  title={On the security of UOV},
  author={Faug{\`e}re, J.C. and Perret, L.},
  journal={Proceedings of the First International Conference on Symbolic Computation and Cryptography, Beijing, China},
  pages={103--109},
  year={2008}
}

@article{bettale2011cryptanalysis,
  title={Cryptanalysis of multivariate and odd-characteristic HFE variants},
  author={Bettale, L. and Faug{\`e}re, J.C. and Perret, L.},
  journal={Public Key Cryptography--PKC 2011},
  pages={441--458},
  year={2011},
  publisher={Springer Berlin/Heidelberg}
}


@article{faugere2009efficient,
  title={An efficient algorithm for decomposing multivariate polynomials and its applications to cryptography},
  author={Faug{\`e}re, J.C. and Perret, L.},
  journal={Journal of Symbolic Computation},
  volume={44},
  number={12},
  pages={1676--1689},
  year={2009},
  publisher={Elsevier}
}

@article{faugere2011algebraic,
  title={Algebraic cryptanalysis of Curry and Flurry using correlated messages},
  author={Faug{\`e}re, J.C. and Perret, L.},
  journal={Information Security and Cryptology},
  pages={266--277},
  year={2011},
  publisher={Springer}
}

@article{bettale2008cryptanalysis,
  title={Cryptanalysis of the TRMS Signature Scheme of PKC’05},
  author={Bettale, L. and Faug{\`e}re, J.C. and Perret, L.},
  journal={Progress in Cryptology--AFRICACRYPT 2008},
  pages={143--155},
  year={2008},
  publisher={Springer Berlin/Heidelberg}
}

@inproceedings{faugere2009high,
  title={High order derivatives and decomposition of multivariate polynomials},
  author={Faug{\`e}re, J.C. and Perret, L.},
  booktitle={Proceedings of the 2009 international symposium on Symbolic and algebraic computation},
  pages={207--214},
  year={2009},
  organization={ACM}
}

@article{bettale2009security,
  title={Security analysis of multivariate polynomials for hashing},
  author={Bettale, L. and Faug{\`e}re, J.C. and Perret, L.},
  journal={Information Security and Cryptology},
  pages={115--124},
  year={2009},
  publisher={Springer}
}

@article{faugere2010analysis,
  title={Analysis of the MQQ public key cryptosystem},
  author={Faugere, J.C. and {\O}deg{\aa}rd, R. and Perret, L. and Gligoroski, D.},
  journal={Cryptology and Network Security},
  pages={169--183},
  year={2010},
  publisher={Springer}
}

@article{albrecht2011polly,
  title={Polly cracker, revisited},
  author={Albrecht, M. and Farshim, P. and Faug{\`e}re, J.C. and Perret, L.},
  journal={Advances in Cryptology--ASIACRYPT 2011},
  pages={179--196},
  year={2011},
  publisher={Springer}
}

@inproceedings{faugere2010decomposition,
  title={Decomposition of generic multivariate polynomials},
  author={Faug{\`e}re, J.C. and Von Zur Gathen, J. and Perret, L.},
  booktitle={Proceedings of the 2010 International Symposium on Symbolic and Algebraic Computation},
  pages={131--137},
  year={2010},
  organization={ACM}
}

@article{albrecht2011algebraic,
  title={Algebraic precomputations in differential and integral cryptanalysis},
  author={Albrecht, M. and Cid, C. and Dullien, T. and Faug{\`e}re, J.C. and Perret, L.},
  journal={Information Security and Cryptology},
  pages={387--403},
  year={2011},
  publisher={Springer}
}

@article{faugere2010cryptanalysis,
  title={Cryptanalysis of the hidden matrix cryptosystem},
  author={Faug{\`e}re, J.C. and Joux, A. and Perret, L. and Treger, J.},
  journal={Progress in Cryptology--LATINCRYPT 2010},
  pages={241--254},
  year={2010},
  publisher={Springer}
}

@article{faugere2011new,
  title={New subexponential algorithms for factoring in SL (2, Fn 2)},
  author={Faug{\`e}re, J.C. and Perret, L. and Petit, C. and Renault, G.},
  journal={Preprint},
  year={2011}
}

@article{lin2012enumeration,
  title={On enumeration of polynomial equivalence classes and their application to MPKC},
  author={Lin, D. and Faug{\`e}re, J.C. and Perret, L. and Wang, T.},
  journal={Finite Fields and Their Applications},
  volume={18},
  number={2},
  pages={283--302},
  year={2012},
  publisher={Academic Press}
}

@article{faugere2012improving,
  title={Improving the complexity of index calculus algorithms in elliptic curves over binary fields},
  author={Faug{\`e}re, J.C. and Perret, L. and Petit, C. and Renault, G.},
  journal={Advances in Cryptology--EUROCRYPT 2012},
  pages={27--44},
  year={2012},
  publisher={Springer}
}

@article{simonetti2008algebraic,
  title={Algebraic attack against trivium},
  author={Simonetti, I. and Faug{\`e}re, J.C. and Perret, L.},
  journal={First International Conference on Symbolic Computation and Cryptography, SCC},
  volume={8},
  pages={95--102},
  year={2008}
}

@article{albrecht2012relation,
  title={On the relation between the MXL family of algorithms and Gr{\"o}bner basis algorithms},
  author={Albrecht, M.R. and Cid, C. and Faug{\`e}re, J.C. and Perret, L.},
  journal={Journal of Symbolic Computation},
  year={2012},
  publisher={Academic Press}
}

@article{gligoroski2010digital,
  title={The Digital Signature Scheme MQQ-SIG},
  author={Gligoroski, D. and Knapskog, S.J. and Markovski, S. and {\O}deg{\aa}rd, R.S. and Jensen, R.E. and Perret, L. and Faug{\`e}re, J.C.},
  journal={arXiv preprint arXiv:1010.3163},
  year={2010}
}

@article{gligoroski2012mqq,
  title={MQQ-SIG},
  author={Gligoroski, D. and {\O}deg{\aa}rd, R. and Jensen, R. and Perret, L. and Faug{\`e}re, J.C. and Knapskog, S. and Markovski, S.},
  journal={Trusted Systems},
  pages={184--203},
  year={2012},
  publisher={Springer Berlin/Heidelberg}
}

@article{faugere2012paper,
  title={PAPER E},
  author={Faug{\`e}re, J.C. and {\O}degard, R.S. and Perret, L. and Gligoroski, D.},
  journal={Hash Functions and Gr{\"o}bner Bases Cryptanalysis},
  pages={165},
  year={2012},
  publisher={Norwegian University of Science and Technology}
}

@article{albrechtpolynomials,
  title={Polynomials with Error (PWE)},
  author={Albrecht, M.R. and Faug{\`e}re, J.C. and Lin, D. and Perret, L.}
}

@article{gligoroski2012paper,
  title={PAPER F},
  author={Gligoroski, D. and {\O}degard, R.S. and Jensen, R.E. and Perret, L. and Faugere, J.C. and Knapskog, S.J. and Markovski, S.},
  journal={Hash Functions and Gr{\"o}bner Bases Cryptanalysis},
  pages={185},
  year={2012},
  publisher={Norwegian University of Science and Technology}
}

@article{faugere2010algebraic,
  title={Algebraic Cryptanalysis of McEliece Variants with Compact Keys--Towards a Complexity Analysis},
  author={Faug{\`e}re, JC and Otmani, A. and Perret, L. and Tillich, JP},
  journal={SCC},
  volume={10},
  pages={45--55},
  year={2010}
}

@article{faugere2010algebraic,
  title={Algebraic cryptanalysis of compact McEliece variants--toward a complexity analysis},
  author={Faug{\`e}re, J.C. and Otmani, A. and Perret, L. and Tillich, J.P.},
  journal={International Conference on Symbolic Computation and Cryptography, SCC},
  pages={45--56},
  year={2010}
}

@inproceedings{perret2004differential,
  title={A differential approach to a polynomial equivalence problem},
  author={Perret, L. and Bayad, A.},
  booktitle={Information Theory, 2004. ISIT 2004. Proceedings. International Symposium on},
  pages={142},
  year={2004},
  organization={IEEE}
}

@article{bettale2010hybrid,
  title={Hybrid approach: a tool for multivariate cryptography},
  author={Bettale, L. and Faug{\`e}re, J.C. and Perret, L.},
  journal={Proceedings of the ECRYPT Workshop on Tools for Cryptanalysis},
  pages={15--23},
  year={2010}
}

@article{bettale2012cryptanalysis,
  title={Cryptanalysis of HFE, multi-HFE and Variants for Odd and Even Characteristic},
  author={Bettale, L. and Faug{\`e}re, J.C. and Perret, L.},
  journal={Designs, Codes and Cryptography},
  pages={1--52},
  year={2012},
  publisher={Springer}
}

@inproceedings{albrecht2012complexity,
  title={On the Complexity of the BKW Algorithm on LWE},
  author={Albrecht, M.R. and Cid, C. and Faug{\`e}re, J.C. and Fitzpatrick, R. and Perret, L.},
  booktitle={Cryptology ePrint Archive: Report 2012/636},
  organization={IACR}
}

@article{classification,
  title={Classification of Keys in MQQ-SIG}
}



@inproceedings{DBLP:conf/eurocrypt/PatarinGC98,
  author    = {Jacques Patarin and
               Louis Goubin and
               Nicolas Courtois},
  title     = {Improved Algorithms for Isomorphisms of Polynomials},
  booktitle = {EUROCRYPT},
  year      = {1998},
  pages     = {184-200},
  ee        = {http://dx.doi.org/10.1007/BFb0054126},
  crossref  = {DBLP:conf/eurocrypt/98},
  bibsource = {DBLP, http://dblp.uni-trier.de}
}

@proceedings{DBLP:conf/eurocrypt/98,
  editor    = {Kaisa Nyberg},
  title     = {Advances in Cryptology - EUROCRYPT '98, International Conference
               on the Theory and Application of Cryptographic Techniques,
               Espoo, Finland, May 31 - June 4, 1998, Proceeding},
  booktitle = {EUROCRYPT},
  publisher = {Springer},
  series    = {Lecture Notes in Computer Science},
  volume    = {1403},
  year      = {1998},
  isbn      = {3-540-64518-7},
  bibsource = {DBLP, http://dblp.uni-trier.de}
}

@inproceedings{DBLP:conf/eurocrypt/KipnisPG99,
  author    = {Aviad Kipnis and
               Jacques Patarin and
               Louis Goubin},
  title     = {Unbalanced Oil and Vinegar Signature Schemes},
  booktitle = {EUROCRYPT},
  year      = {1999},
  pages     = {206-222},
  ee        = {http://dx.doi.org/10.1007/3-540-48910-X_15},
  crossref  = {DBLP:conf/eurocrypt/99},
  bibsource = {DBLP, http://dblp.uni-trier.de}
}

@proceedings{DBLP:conf/eurocrypt/99,
  editor    = {Jacques Stern},
  title     = {Advances in Cryptology - EUROCRYPT '99, International Conference
               on the Theory and Application of Cryptographic Techniques,
               Prague, Czech Republic, May 2-6, 1999, Proceeding},
  booktitle = {EUROCRYPT},
  publisher = {Springer},
  series    = {Lecture Notes in Computer Science},
  volume    = {1592},
  year      = {1999},
  isbn      = {3-540-65889-0},
  bibsource = {DBLP, http://dblp.uni-trier.de}
}


@article{FGLM,
  author = {Faug{\`e}re, Jean-Charles. and Gianni, Patrizia and Lazard, Daniel and Mora, Teo},
  journal = {Journal of Symbolic Computation},
  title = {{Efficient Computation of Zero-dimensional Gr{\"o}bner Bases by Change of Ordering}},
  year = {1993},
  volume = {16},
  number = {4},
  pages = {329--344},
  url = {http://www-salsa.lip6.fr/~jcf/Papers/FGLM.pdf},
  issn = {0747-7171},
  doi = {10.1006/jsco.1993.1051},
  x-editorial-board = {yes},
  x-international-audience = {yes}
}

@article{F99a,
  author = {Faug{\`e}re, Jean-Charles},
  title = {{A new efficient algorithm for computing Gr{\"o}bner bases (F4).}},
  journal = {Journal of Pure and Applied Algebra},
  publisher = {Elsevier},
  volume = {139},
  number = {1--3},
  pages = {61--88},
  url = {http://www-salsa.lip6.fr/~jcf/Papers/F99a.pdf},
  issn = {0022-4049},
  doi = {10.1016/S0022-4049(99)00005-5},
  x-editorial-board = {yes},
  x-international-audience = {yes},
  month = {June},
  year = {1999}
}


@InProceedings{BFP12b,
  author =       {Luk Bettale and Jean-Charles Faug\`ere and Ludovic Perret},
  title =        {Solving Polynomial Systems over Finite Fields:
                  Improved Analysis of the Hybrid Approach},
  booktitle = {International Symposium on Symbolic and Algebraic
                  Computation -- ISSAC 2012},
  year =      2012,
  publisher = {ACM}
}
    

@article{DBLP:journals/iacr/BouillaguetFV12,
  author    = {Charles Bouillaguet and
               Pierre-Alain Fouque and
               Amandine V{\'e}ber},
  title     = {Graph-Theoretic Algorithms for the "Isomorphism of Polynomials"
               Problem},
  journal   = {IACR Cryptology ePrint Archive},
  volume    = {2012},
  year      = {2012},
  pages     = {607},
  ee        = {http://eprint.iacr.org/2012/607},
  bibsource = {DBLP, http://dblp.uni-trier.de}
}

@book{lidl1996finite,
  title={Finite Fields},
  author={Lidl, R. and Niederreiter, H.},
  number={vol.~20,ptie.~1},
  isbn={9780521392310},
  lccn={96031467},
  series={Encyclopedia of Mathematics and its Applications},
  url={http://books.google.fr/books?id=xqMqxQTFUkMC},
  year={1996},
  publisher={Cambridge University Press}
}
@inproceedings{DBLP:conf/asiacrypt/BouillaguetFM11,
  author    = {Charles Bouillaguet and
               Pierre-Alain Fouque and
               Gilles Macario-Rat},
  title     = {Practical Key-Recovery for All Possible Parameters of SFLASH},
  booktitle = {ASIACRYPT},
  year      = {2011},
  pages     = {667-685},
  ee        = {http://dx.doi.org/10.1007/978-3-642-25385-0_36},
  crossref  = {DBLP:conf/asiacrypt/2011},
  bibsource = {DBLP, http://dblp.uni-trier.de}
}

@proceedings{DBLP:conf/asiacrypt/2011,
  editor    = {Dong Hoon Lee and
               Xiaoyun Wang},
  title     = {Advances in Cryptology - ASIACRYPT 2011 - 17th International
               Conference on the Theory and Application of Cryptology and
               Information Security, Seoul, South Korea, December 4-8,
               2011. Proceedings},
  booktitle = {ASIACRYPT},
  publisher = {Springer},
  series    = {Lecture Notes in Computer Science},
  volume    = {7073},
  year      = {2011},
  isbn      = {978-3-642-25384-3},
  ee        = {http://dx.doi.org/10.1007/978-3-642-25385-0},
  bibsource = {DBLP, http://dblp.uni-trier.de}
}

@inproceedings{DBLP:conf/pkc/DuboisK11,
  author    = {Vivien Dubois and
               Jean-Gabriel Kammerer},
  title     = {Cryptanalysis of Cryptosystems Based on Non-commutative
               Skew Polynomials},
  booktitle = {Public Key Cryptography},
  year      = {2011},
  pages     = {459-472},
  ee        = {http://dx.doi.org/10.1007/978-3-642-19379-8_28},
  crossref  = {DBLP:conf/pkc/2011},
  bibsource = {DBLP, http://dblp.uni-trier.de}
}

@book{milnor1973symmetric,
  title={Symmetric bilinear forms},
  author={Milnor, John Willard and Husemoller, Dale},
  year={1973},
  publisher={Springer-Verlag New York}
}
